@article{DBLP:journals/informaticaSI/Hedin00,
  author    = {G{\"{o}}rel Hedin},
  title     = {Reference Attributed Grammars},
  journal   = {Informatica (Slovenia)},
  volume    = {24},
  number    = {3},
  year      = {2000},
  timestamp = {Mon, 15 Feb 2016 15:01:43 +0100},
  biburl    = {https://dblp.org/rec/journals/informaticaSI/Hedin00.bib},
  bibsource = {dblp computer science bibliography, https://dblp.org}
}

@inproceedings{DBLP:conf/oopsla/EkmanH07,
  author    = {Torbj{\"{o}}rn Ekman and
               G{\"{o}}rel Hedin},
  editor    = {Richard P. Gabriel and
               David F. Bacon and
               Cristina Videira Lopes and
               Guy L. Steele Jr.},
  title     = {The jastadd extensible java compiler},
  booktitle = {Proceedings of the 22nd Annual {ACM} {SIGPLAN} Conference on Object-Oriented
               Programming, Systems, Languages, and Applications, {OOPSLA} 2007,
               October 21-25, 2007, Montreal, Quebec, Canada},
  pages     = {1--18},
  publisher = {{ACM}},
  year      = {2007},
  url       = {https://doi.org/10.1145/1297027.1297029},
  doi       = {10.1145/1297027.1297029},
  timestamp = {Fri, 25 Jun 2021 14:48:54 +0200},
  biburl    = {https://dblp.org/rec/conf/oopsla/EkmanH07.bib},
  bibsource = {dblp computer science bibliography, https://dblp.org}
}

@article{DBLP:journals/entcs/HedinM01,
  author    = {G{\"{o}}rel Hedin and
               Eva Magnusson},
  title     = {JastAdd - a Java-based system for implementing front ends},
  journal   = {Electron. Notes Theor. Comput. Sci.},
  volume    = {44},
  number    = {2},
  pages     = {59--78},
  year      = {2001},
  url       = {https://doi.org/10.1016/S1571-0661(04)80920-4},
  doi       = {10.1016/S1571-0661(04)80920-4},
  timestamp = {Fri, 12 Feb 2021 22:17:06 +0100},
  biburl    = {https://dblp.org/rec/journals/entcs/HedinM01.bib},
  bibsource = {dblp computer science bibliography, https://dblp.org}
}